<?xml version="1.0" encoding="UTF-8"?><collection xmlns="http://www.loc.gov/MARC21/slim"><record><leader>00395nam--2200133-i-4500</leader><controlfield tag="001">000009633</controlfield><controlfield tag="002">20161230</controlfield><controlfield tag="005">20161230201028</controlfield><controlfield tag="008">060222s1000------------r-----000-0-eng-d</controlfield><datafield ind1=" " ind2=" " tag="245"><subfield code="a">Group representations in mathematics and phy sics. battelle seattle 1969 recontres</subfield></datafield><datafield ind1=" " ind2=" " tag="260"><subfield code="a">Berlin, Spinger-verlag, 1970. Iv + 340 P</subfield></datafield><datafield ind1=" " ind2=" " tag="490"><subfield code="a">Lecture Notes In Physics</subfield></datafield><datafield ind1=" " ind2=" " tag="700"><subfield code="a">Bargman, V</subfield></datafield><datafield ind1=" " ind2=" " tag="852"><subfield code="a">34446</subfield></datafield></record></collection>